<record><leader>00000cas a22000007a 4500</leader><controlfield tag="001">12393012</controlfield><controlfield tag="008">850816d187u18uumouwr ne      0    0eng d</controlfield><datafield ind1=" " ind2=" " tag="010"><subfield code="a">sn 85034038 </subfield></datafield><datafield ind1=" " ind2=" " tag="040"><subfield code="a">NPU</subfield><subfield code="b">eng</subfield><subfield code="c">NPU</subfield><subfield code="d">OCLCQ</subfield></datafield><datafield ind1=" " ind2=" " tag="042"><subfield code="a">msc</subfield></datafield><datafield ind1="0" ind2=" " tag="130"><subfield code="a">North St. Louis head-light (North St. Louis, Mo. : 1880)</subfield></datafield><datafield ind1="1" ind2="0" tag="245"><subfield code="a">North St. Louis head-light.</subfield></datafield><datafield ind1="3" ind2="0" tag="246"><subfield code="a">North Saint Louis head light</subfield></datafield><datafield ind1=" " ind2=" " tag="260"><subfield code="a">North St. Louis, Mo. :</subfield><subfield code="b">George Negus</subfield></datafield><datafield ind1=" " ind2=" " tag="300"><subfield code="a">v. ;</subfield><subfield code="c">62 cm.</subfield></datafield><datafield ind1=" " ind2=" " tag="310"><subfield code="a">Weekly</subfield></datafield><datafield ind1=" " ind2=" " tag="588"><subfield code="a">Description based on: Jul. 11, 1880.</subfield></datafield><datafield ind1=" " ind2=" " tag="752"><subfield code="a">United States</subfield><subfield code="b">Missouri</subfield><subfield code="c">Saint Louis</subfield><subfield code="d">Saint Louis.</subfield></datafield></record>